
% artykul w czasopismie
@Article{bib:artykul,
  Title                    = {A comparison of adjusted spaced retrieval versus a uniform expanded retrieval schedule for learning a nameâ€“face association in older adults with probable Alzheimer's disease},
  Author                   = {Karri S. Hawley Emily O. Boudreaux, Erin M. Jackson},
  Journal                  = {Journal of Clinical and Experimental Neuropsychology},
  Year                     = {2008},
  Number                   = {6},
  Pages                    = {639-649},
  Volume                   = {30}
}
